<record><leader>01826nam a2200421 i 4500</leader><controlfield tag="001">6774324</controlfield><controlfield tag="003">CaPaEBR</controlfield><controlfield tag="006">m     o  d        </controlfield><controlfield tag="007">cr cn|||||||||</controlfield><controlfield tag="008">141124t20152015njuao   o     001 0 eng d</controlfield><datafield ind1=" " ind2=" " tag="020"><subfield code="z">9781118010242</subfield></datafield><datafield ind1=" " ind2=" " tag="020"><subfield code="a">9781118914328 (e-book)</subfield></datafield><datafield ind1=" " ind2=" " tag="035"><subfield code="a">ocn893974550</subfield></datafield><datafield ind1=" " ind2=" " tag="039"><subfield code="a">exclude</subfield></datafield><datafield ind1=" " ind2=" " tag="040"><subfield code="a">CaPaEBR</subfield><subfield code="b">eng</subfield><subfield code="e">rda</subfield><subfield code="e">pn</subfield><subfield code="c">CaPaEBR</subfield><subfield code="d">AEU</subfield></datafield><datafield ind1=" " ind2=" " tag="043"><subfield code="a">n-us---</subfield></datafield><datafield ind1="1" ind2="4" tag="050"><subfield code="a">HD9999.L323</subfield><subfield code="b">.H589 2015eb</subfield></datafield><datafield ind1="0" ind2="4" tag="082"><subfield code="a">338.4/762136606073</subfield><subfield code="2">23</subfield></datafield><datafield ind1=" " ind2=" " tag="090"><subfield code="a">Internet Access</subfield><subfield code="b">AEU</subfield></datafield><datafield ind1="1" ind2=" " tag="100"><subfield code="a">Hitz, C. Breck,</subfield><subfield code="e">author.</subfield></datafield><datafield ind1="1" ind2="0" tag="245"><subfield code="a">LEOMA and the US laser industry :</subfield><subfield code="b">the good and bad moves for trade associations in emerging high-tech industries /</subfield><subfield code="c">C. Breck Hitz.</subfield></datafield><datafield ind1=" " ind2="1" tag="264"><subfield code="a">Hoboken, New Jersey :</subfield><subfield code="b">IEEE Press :</subfield><subfield code="b">Wiley,</subfield><subfield code="c">2015.</subfield></datafield><datafield ind1=" " ind2="4" tag="264"><subfield code="c">&#169;2015</subfield></datafield><datafield ind1=" " ind2=" " tag="300"><subfield code="a">1 online resource (193 pages) :</subfield><subfield code="b">illustrations, photographs</subfield></datafield><datafield ind1=" " ind2=" " tag="336"><subfield code="a">text</subfield><subfield code="2">rdacontent</subfield></datafield><datafield ind1=" " ind2=" " tag="337"><subfield code="a">computer</subfield><subfield code="b">c</subfield><subfield code="2">rdamedia</subfield></datafield><datafield ind1=" " ind2=" " tag="338"><subfield code="a">online resource</subfield><subfield code="b">cr</subfield><subfield code="2">rdacarrier</subfield></datafield><datafield ind1=" " ind2=" " tag="500"><subfield code="a">Includes index.</subfield></datafield><datafield ind1=" " ind2=" " tag="506"><subfield code="a">Access restricted to authorized users and institutions.</subfield></datafield><datafield ind1=" " ind2=" " tag="588"><subfield code="a">Description based on print version record.</subfield></datafield><datafield ind1=" " ind2=" " tag="596"><subfield code="a">44</subfield></datafield><datafield ind1=" " ind2="0" tag="650"><subfield code="a">Laser industry</subfield><subfield code="z">United States</subfield><subfield code="x">Societies, etc.</subfield></datafield><datafield ind1=" " ind2="0" tag="650"><subfield code="a">Lasers</subfield><subfield code="z">United States.</subfield></datafield><datafield ind1=" " ind2="0" tag="650"><subfield code="a">Trade associations</subfield><subfield code="z">United States.</subfield></datafield><datafield ind1="4" ind2="0" tag="856"><subfield code="3">University of Alberta Access</subfield><subfield code="u">http://dx.doi.org/10.1002/9781118886472</subfield><subfield code="z">(Unlimited Concurrent Users)</subfield><subfield code="z">from Wiley</subfield></datafield><datafield ind1="4" ind2="0" tag="856"><subfield code="3">University of Alberta Access</subfield><subfield code="u">http://ieeexplore.ieee.org/servlet/opac?bknumber=6987688</subfield><subfield code="z">(Unlimited Concurrent Users)</subfield><subfield code="z">from IEEE Xplore</subfield></datafield><datafield ind1=" " ind2=" " tag="926"><subfield code="a">Internet Access</subfield><subfield code="w">LC</subfield><subfield code="c">1</subfield><subfield code="i">6774324-1001</subfield><subfield code="l">INTERNET</subfield><subfield code="m">UAINTERNET</subfield><subfield code="r">Y</subfield><subfield code="s">Y</subfield><subfield code="t">E-RESOURCE</subfield><subfield code="u">1/12/2015</subfield><subfield code="x">E-BOOK</subfield><subfield code="z">WILEYOL</subfield></datafield><datafield ind1=" " ind2=" " tag="926"><subfield code="a">Internet Access</subfield><subfield code="w">LC</subfield><subfield code="c">2</subfield><subfield code="i">6774324-1002</subfield><subfield code="l">INTERNET</subfield><subfield code="m">UAINTERNET</subfield><subfield code="r">Y</subfield><subfield code="s">Y</subfield><subfield code="t">E-RESOURCE</subfield><subfield code="u">6/29/2015</subfield><subfield code="x">E-BOOK</subfield><subfield code="z">IEEE-WILEY</subfield></datafield></record>